@techreport{baker2015measuring,
  title={Measuring economic policy uncertainty},
  author={Baker, Scott R and Bloom, Nicholas and Davis, Steven J},
  year={2015},
  institution={National Bureau of Economic Research}
}

@article{jansen2005talking,
  title={Talking heads: the effects of ECB statements on the euro--dollar exchange rate},
  author={Jansen, David-Jan and De Haan, Jakob},
  journal={Journal of International Money and Finance},
  volume={24},
  number={2},
  pages={343--361},
  year={2005},
  publisher={Elsevier}
}

@article{quah2007combating,
  title={Combating corruption Singapore-style: Lessons for other Asian countries},
  author={Quah, Jon ST},
  journal={Maryland Series in Contemporary Asian Studies},
  volume={2007},
  number={2},
  pages={1},
  year={2007}
}

@article{prado2016brazilian,
  title={Brazilian anti-corruption legislation and its enforcement: potential lessons for institutional design},
  author={Prado, Mariana Mota and Carson, Lindsey and others},
  journal={Journal of Self-Governance and Management Economics},
  volume={4},
  number={1},
  pages={34--71},
  year={2016},
  publisher={Addleton Academic Publishers}
}

@article{schmid1994treetagger,
  title={Treetagger},
  author={Schmid, Helmut},
  journal={TC project at the Institute for Computational Linguistics of the University of Stuttgart},
  year={1994}
}

@book{manning1999foundations,
  title={Foundations of statistical natural language processing},
  author={Manning, Christopher D and Sch{\"u}tze, Hinrich},
  volume={999},
  year={1999},
  publisher={MIT Press}
}

@MISC{Dworetzky,
   author={Dworetzky, Tom},
   title={How Siri Works: iPhone's 'Brain' Comes from Natural Language Processing, Stanford Professors to Teach Free Online Course},
   editor={Ibtimes.com},
   month={November},
   year={2011},
   url=\url{http://bit.ly/2hC8U7E}
 }
 
 @MISC{bbc2014,
   author={BBCNews},
   title={Top India politician Jayalalitha jailed for corruption},
   editor={Bbc.com},
   month={September},
   year={2014},
   url=\url{http://www.bbc.com/news/world-asia-india-29390682}
 }